@article{basics,
author = {Yanofsky, Noson},
year = {2007},
month = {09},
pages = {},
title = {An Introduction to Quantum Computing},
doi = {10.1007/978-94-007-0080-2_10}
}
@ARTICLE{2015arXiv150803695P,
   author = {{Paler}, A. and {Devitt}, S.~J.},
    title = "{An introduction to Fault-tolerant Quantum Computing}",
  journal = {ArXiv e-prints},
archivePrefix = "arXiv",
   eprint = {1508.03695},
 primaryClass = "quant-ph",
 keywords = {Quantum Physics},
     year = 2015,
    month = aug,
   adsurl = {http://adsabs.harvard.edu/abs/2015arXiv150803695P},
  adsnote = {Provided by the SAO/NASA Astrophysics Data System}
}
@article {10.4172/2090-4908.1000152,
author = {Fayez Fok Al Adeh},
title = {Natural Limitations of Quantum Computing},
journal = {International Journal of Swarm Intelligence and Evolutionary Computation},
volume = {6},
number = {1},
publisher = {OMICS International},
issn = {
2090-4908},
url = {https://www.omicsonline.org/open-access/natural-limitations-of-quantum-computing-2090-4908-1000152.php?aid=87985},
doi = {10.4172/2090-4908.1000152},
pages = {1-7},
keywords = {<p>Imaginary type; Macro world; Micro world; Quantum assignment; Real type</p>},
year = {2017}
}
@ARTICLE{2009arXiv0906.2686V,
   author = {{Van Meter}, R. and {Ladd}, T.~D. and {Fowler}, A.~G. and {Yamamoto}, Y.
	},
    title = "{Distributed Quantum Computation Architecture Using Semiconductor Nanophotonics}",
  journal = {ArXiv e-prints},
archivePrefix = "arXiv",
   eprint = {0906.2686},
 primaryClass = "quant-ph",
 keywords = {Quantum Physics},
     year = 2009,
    month = jun,
   adsurl = {http://adsabs.harvard.edu/abs/2009arXiv0906.2686V},
  adsnote = {Provided by the SAO/NASA Astrophysics Data System}
}
@ARTICLE{2012PhRvX...2c1007J,
   author = {{Jones}, N.~C. and {Van Meter}, R. and {Fowler}, A.~G. and {McMahon}, P.~L. and 
	{Kim}, J. and {Ladd}, T.~D. and {Yamamoto}, Y.},
    title = "{Layered Architecture for Quantum Computing}",
  journal = {Physical Review X},
archivePrefix = "arXiv",
   eprint = {1010.5022},
 primaryClass = "quant-ph",
 keywords = {Quantum computation, Quantum error correction and other methods for protection against decoherence, Quantum dots, Quantum well devices},
     year = 2012,
    month = jul,
   volume = 2,
   number = 3,
      eid = {031007},
    pages = {031007},
      doi = {10.1103/PhysRevX.2.031007},
   adsurl = {http://adsabs.harvard.edu/abs/2012PhRvX...2c1007J},
  adsnote = {Provided by the SAO/NASA Astrophysics Data System}
}

@ARTICLE{2009arXiv0904.2557G,
   author = {{Gottesman}, D.},
    title = "{An Introduction to Quantum Error Correction and Fault-Tolerant Quantum Computation}",
  journal = {ArXiv e-prints},
archivePrefix = "arXiv",
   eprint = {0904.2557},
 primaryClass = "quant-ph",
 keywords = {Quantum Physics},
     year = 2009,
    month = apr,
   adsurl = {http://adsabs.harvard.edu/abs/2009arXiv0904.2557G},
  adsnote = {Provided by the SAO/NASA Astrophysics Data System}
}